<record><leader>00000cas a2200000 a 4500</leader><controlfield tag="001">28532591</controlfield><controlfield tag="008">930728d18621865caucr ne      0    0eng c</controlfield><datafield ind1=" " ind2=" " tag="010"><subfield code="a">sn 93051031 </subfield></datafield><datafield ind1=" " ind2=" " tag="040"><subfield code="a">CUY</subfield><subfield code="b">eng</subfield><subfield code="c">CNK</subfield><subfield code="d">OCL</subfield><subfield code="d">CNK</subfield><subfield code="d">OCLCQ</subfield><subfield code="d">OCLCF</subfield><subfield code="d">OCLCO</subfield></datafield><datafield ind1=" " ind2=" " tag="042"><subfield code="a">pcc</subfield></datafield><datafield ind1=" " ind2=" " tag="043"><subfield code="a">n-us-ca</subfield></datafield><datafield ind1="0" ind2=" " tag="130"><subfield code="a">Semi-weekly union (Yreka, Calif.)</subfield></datafield><datafield ind1="1" ind2="4" tag="245"><subfield code="a">The semi-weekly union.</subfield></datafield><datafield ind1="1" ind2="3" tag="246"><subfield code="a">Yreka semi-weekly union</subfield></datafield><datafield ind1=" " ind2=" " tag="260"><subfield code="a">Yreka, Calif. :</subfield><subfield code="b">H.K. White</subfield></datafield><datafield ind1=" " ind2=" " tag="300"><subfield code="a">v.</subfield></datafield><datafield ind1=" " ind2=" " tag="310"><subfield code="a">Semiweekly</subfield></datafield><datafield ind1="1" ind2=" " tag="362"><subfield code="a">Began in 1862.</subfield></datafield><datafield ind1="0" ind2=" " tag="362"><subfield code="a">-v. 13, no. 12 (Jan. 7, 1865).</subfield></datafield><datafield ind1=" " ind2=" " tag="530"><subfield code="a">Master negatives are available for duplication from:</subfield><subfield code="b">California Newspaper Microfilm Archive;</subfield><subfield code="c">positive copies may be purchased by the reel; for further information consult the CNMA at:</subfield><subfield code="u">http://cbsr.ucr.edu</subfield></datafield><datafield ind1=" " ind2=" " tag="588"><subfield code="a">Description based on: Vol. 8, no. 7 (June 14, 1862).</subfield></datafield><datafield ind1=" " ind2="0" tag="651"><subfield code="a">Yreka (Calif.)</subfield><subfield code="v">Newspapers.</subfield></datafield><datafield ind1=" " ind2="7" tag="655"><subfield code="a">Newspapers.</subfield><subfield code="2">fast</subfield><subfield code="0">(OCoLC)fst01423814</subfield></datafield><datafield ind1=" " ind2="7" tag="651"><subfield code="a">California</subfield><subfield code="z">Yreka.</subfield><subfield code="2">fast</subfield><subfield code="0">(OCoLC)fst01215451</subfield></datafield><datafield ind1=" " ind2=" " tag="752"><subfield code="a">United States</subfield><subfield code="b">California</subfield><subfield code="c">Siskiyou</subfield><subfield code="d">Yreka.</subfield></datafield><datafield ind1="0" ind2="0" tag="780"><subfield code="t">Yreka weekly union (Yreka, Calif. : 1855)</subfield><subfield code="w">(DLC)sn 85025218</subfield></datafield><datafield ind1="0" ind2="0" tag="785"><subfield code="t">Yreka weekly union (Yreka, Calif. : 1865)</subfield><subfield code="w">(DLC)sn 93051032</subfield></datafield></record>